<record><leader>00000cas a22000007a 4500</leader><controlfield tag="001">21439920</controlfield><controlfield tag="008">900427d19411946couwr ne      0    0eng d</controlfield><datafield ind1=" " ind2=" " tag="010"><subfield code="a">sn 90051309 </subfield></datafield><datafield ind1=" " ind2=" " tag="040"><subfield code="a">CNQ</subfield><subfield code="b">eng</subfield><subfield code="c">CNQ</subfield><subfield code="d">OCLCQ</subfield></datafield><datafield ind1=" " ind2=" " tag="042"><subfield code="a">msc</subfield></datafield><datafield ind1="0" ind2="4" tag="245"><subfield code="a">The divide review with which is combined the Elizabeth news-tribune.</subfield></datafield><datafield ind1="1" ind2="3" tag="246"><subfield code="a">Divide review</subfield></datafield><datafield ind1=" " ind2=" " tag="260"><subfield code="a">Kiowa, Elbert County, Colo. :</subfield><subfield code="b">F.H. Lemon</subfield></datafield><datafield ind1=" " ind2=" " tag="300"><subfield code="a">v.</subfield></datafield><datafield ind1=" " ind2=" " tag="310"><subfield code="a">Weekly</subfield></datafield><datafield ind1="0" ind2=" " tag="362"><subfield code="a">Vol. 42, no. 43 (July 4, 1941)-v. 48, no. 6 (Oct. 18, 1946).</subfield></datafield><datafield ind1=" " ind2=" " tag="530"><subfield code="a">Available on microfilm from the Colorado Historical Society.</subfield></datafield><datafield ind1=" " ind2=" " tag="752"><subfield code="a">United States</subfield><subfield code="b">Colorado</subfield><subfield code="c">Elbert</subfield><subfield code="d">Kiowa.</subfield></datafield><datafield ind1="0" ind2="4" tag="780"><subfield code="t">Divide review (Kiowa, Colo. : 1920)</subfield><subfield code="w">(DLC)sn 90051308</subfield></datafield><datafield ind1="0" ind2="4" tag="780"><subfield code="t">Elizabeth news-tribune</subfield></datafield><datafield ind1="0" ind2="0" tag="785"><subfield code="t">Divide review (Kiowa, Colo. : 1946)</subfield><subfield code="w">(DLC)sn 90051310</subfield></datafield></record>